<?xml version="1.0" encoding="UTF-8"?><record xmlns="http://www.loc.gov/MARC21/slim" xmlns:cinclude="http://apache.org/cocoon/include/1.0" xmlns:zs="http://www.loc.gov/zing/srw/">
  <leader>00681cz  a2200157n  4500</leader>
  <controlfield tag="001">no 99048546 </controlfield>
  <controlfield tag="003">DLC</controlfield>
  <controlfield tag="005">20120809084950.0</controlfield>
  <controlfield tag="008">990708n| acannaabn          |a ana     c</controlfield>
  <datafield tag="010" ind1=" " ind2=" ">
    <subfield code="a">no 99048546 </subfield>
  </datafield>
  <datafield tag="035" ind1=" " ind2=" ">
    <subfield code="a">(OCoLC)oca05022688</subfield>
  </datafield>
  <datafield tag="040" ind1=" " ind2=" ">
    <subfield code="a">OCoLC-P</subfield>
    <subfield code="b">eng</subfield>
    <subfield code="c">OCoLC-P</subfield>
    <subfield code="d">DLC</subfield>
  </datafield>
  <datafield tag="111" ind1="2" ind2=" ">
    <subfield code="a">Mezhdunarodnyĭ simpozium Biologicheskie mekhanizmy starenii︠a︡</subfield>
  </datafield>
  <datafield tag="411" ind1="2" ind2=" ">
    <subfield code="a">Simpozium Biologicheskie mekhanizmy starenii︠a︡, Mezhdunarodnyĭ</subfield>
  </datafield>
  <datafield tag="667" ind1=" " ind2=" ">
    <subfield code="a">THIS 1XX FIELD CANNOT BE USED UNDER RDA UNTIL THIS RECORD HAS BEEN REVIEWED AND/OR UPDATED</subfield>
  </datafield>
  <datafield tag="670" ind1=" " ind2=" ">
    <subfield code="a">III Mezhdunarodnyĭ simpozium Biologicheskie mekhanizmy starenii︠a︡, 1998?:</subfield>
    <subfield code="b">t.p. (held 19-21 May 1998 in Kharʹkov, Ukraine)</subfield>
  </datafield>
</record>